<record><leader>00000cas a22000007a 4500</leader><controlfield tag="001">35303169</controlfield><controlfield tag="008">960826d18uu18uuwvudr ne      0    0eng d</controlfield><datafield ind1=" " ind2=" " tag="010"><subfield code="a">sn 96096615 </subfield></datafield><datafield ind1=" " ind2=" " tag="040"><subfield code="a">NVK</subfield><subfield code="b">eng</subfield><subfield code="c">NVK</subfield><subfield code="d">OCL</subfield><subfield code="d">OCLCQ</subfield><subfield code="d">OCLCF</subfield><subfield code="d">OCLCO</subfield></datafield><datafield ind1=" " ind2=" " tag="042"><subfield code="a">msc</subfield></datafield><datafield ind1=" " ind2=" " tag="043"><subfield code="a">n-us-wv</subfield></datafield><datafield ind1="0" ind2="4" tag="245"><subfield code="a">The White Sulphur echo.</subfield></datafield><datafield ind1=" " ind2=" " tag="260"><subfield code="a">White Sulphur Springs, W. Va. :</subfield><subfield code="b">G.L. Peyton</subfield></datafield><datafield ind1=" " ind2=" " tag="300"><subfield code="a">v.</subfield></datafield><datafield ind1=" " ind2=" " tag="310"><subfield code="a">Daily</subfield></datafield><datafield ind1=" " ind2=" " tag="500"><subfield code="a">Resort paper.</subfield></datafield><datafield ind1=" " ind2=" " tag="580"><subfield code="a">Cataloging based on facsimile reprints published in Aug. 1932 with the Lee week herald.</subfield></datafield><datafield ind1=" " ind2=" " tag="588"><subfield code="a">Description based on: Vol. [20], no. [30] (Aug. 10, 1867).</subfield></datafield><datafield ind1=" " ind2=" " tag="588"><subfield code="a">Latest issue consulted: Aug. 28, 1868.</subfield></datafield><datafield ind1=" " ind2="0" tag="651"><subfield code="a">White Sulphur Springs (W. Va.)</subfield><subfield code="v">Newspapers.</subfield></datafield><datafield ind1=" " ind2="7" tag="655"><subfield code="a">Newspapers.</subfield><subfield code="2">fast</subfield><subfield code="0">(OCoLC)fst01423814</subfield></datafield><datafield ind1=" " ind2="7" tag="651"><subfield code="a">West Virginia</subfield><subfield code="z">White Sulphur Springs.</subfield><subfield code="2">fast</subfield><subfield code="0">(OCoLC)fst01234920</subfield></datafield><datafield ind1=" " ind2=" " tag="752"><subfield code="a">United States</subfield><subfield code="b">West Virginia</subfield><subfield code="c">Greenbrier</subfield><subfield code="d">White Sulphur Springs.</subfield></datafield><datafield ind1="1" ind2=" " tag="787"><subfield code="t">Lee week herald</subfield><subfield code="w">(DLC)sn 96096618</subfield></datafield></record>